<?xml version="1.0" encoding="UTF-8"?><collection xmlns="http://www.loc.gov/MARC21/slim"><record><leader>00492nam--2200145-i-4500</leader><controlfield tag="001">000026295</controlfield><controlfield tag="002">20161230</controlfield><controlfield tag="005">20170202100523</controlfield><controlfield tag="008">060222s1000------------r-----000-0-eng-d</controlfield><datafield ind1=" " ind2=" " tag="040"><subfield code="a">IFIN-HH</subfield></datafield><datafield ind1=" " ind2=" " tag="245"><subfield code="a">International Series of Monographs on Physics. vol.72. Theory of neutron scattering from Condensed Matter. vol.1. Nuclear Scattering</subfield></datafield><datafield ind1=" " ind2=" " tag="260"><subfield code="a">New York, Oxford Pergamon Press, 1985</subfield></datafield><datafield ind1=" " ind2=" " tag="700"><subfield code="a">Stephen W. Lovesey</subfield><subfield code="b">Stephen W. Lovesey</subfield></datafield><datafield ind1=" " ind2=" " tag="852"><subfield code="b">530.14</subfield></datafield><datafield ind1=" " ind2=" " tag="CAT"><subfield code="a">SYS</subfield><subfield code="c">20170202</subfield><subfield code="h">100523</subfield></datafield></record></collection>